% ------------------------------------------------------------------------
% BIBLIOGRAFIA
% ------------------------------------------------------------------------

@online {gitsite,
	title = {Strona Gita},
	URL = {https://git-scm.com/}
}

@online {doxygensite,
	title = {Strona Doxygena},
	URL = {https://www.doxygen.nl/}
}

@online {copilotsite,
	TITLE = {Strona GitHub Copilot},
	URL = {https://github.com/features/copilot}
}

@online {matrixwiki,
	TITLE = {Artykul Wikipedii o macierzy},
	URL = {https://en.wikipedia.org/wiki/Matrix_(mathematics)}
}

@online {pipewiresite,
	TITLE = {Strona PipeWire},
	URL = {https://pipewire.org/}
}

@book {archimedes,
	author = {Archimedes},
	title = {O wymierzaniu koła},
	year = {ok. 250 p.n.e.}
}

@online {riemannwiki,
	TITLE = {Artykul Wikipedii o Sumach Riemanna},
	URL = {https://en.wikipedia.org/wiki/Riemann_sum}
}

@article {riemann,
  author = {Bernhard Riemann},
  title = {Über die Darstellbarkeit einer Funktion durch eine trigonometrische Reihe},
  year = {1854}
}

@online {chatgptsite,
	TITLE = {Strona ChatGPT},
	URL = {https://chatgpt.com/}
}
